% Encoding: UTF-8

@Book{rootkits00,
  author    = {Greg Hoglund, James Butler},
  title     = {Rootkits: Subverting the Windows Kernel},
  year      = {2006},
  date      = {July},
  publisher = {Addison-Wesley Professional},
}

@Misc{memorymanagement,
  author       = {新城 靖},
  title        = {メモリ管理、アドレス空間、ページテーブル},
  year         = {2011},
  date         = {2011-01-25},
  howpublished = {\url{http://www.coins.tsukuba.ac.jp/~yas/coins/os2-2010/2011-01-25/}},
  url          = {http://www.coins.tsukuba.ac.jp/~yas/coins/os2-2010/2011-01-25/},
}

@Misc{codeinject,
  author       = {Sameer Patil},
  title        = {Code Injection and API Hooking Techniques},
  year         = {2014},
  date         = {2014-03-20},
  howpublished = {\url{http://nagareshwar.securityxploded.com/2014/03/20/code-injection-and-api-hooking-techniques/}},
  url          = {http://nagareshwar.securityxploded.com/2014/03/20/code-injection-and-api-hooking-techniques/},
}

@Misc{LKMhookdetect,
  author       = {Jonathan Salwan},
  title        = {Simple hook detection Linux module},
  year         = {2013},
  date         = {2013-01-23},
  howpublished = {\url{http://shell-storm.org/blog/Simple-Hook-detection-Linux-module/}},
  url          = {http://shell-storm.org/blog/Simple-Hook-detection-Linux-module/},
}

@Misc{kpatch,
  author       = {V4711},
  title        = {Linux kernel live patching kpatch.svg},
  year         = {2014},
  date         = {2014-11-11},
  howpublished = {\url{https://upload.wikimedia.org/wikipedia/commons/2/27/Linux_kernel_live_patching_kpatch.svg}},
  url          = {https://upload.wikimedia.org/wikipedia/commons/2/27/Linux_kernel_live_patching_kpatch.svg},
}

@Manual{cp15c7,
  author    = {ARM},
  title     = {ARM926EJ-S™ Technical Reference Manual},
  year      = {2008},
  subtitle  = {Cache Operations Register c7},
  publisher = {ARM Limited},
  chapter   = {2.3.8},
  url       = {http://infocenter.arm.com/help/topic/com.arm.doc.ddi0198e/I1014942.html#Bhcffjhf},
}

@Misc{cache,
  author       = {Linus Torvalds, et al.},
  title        = {cache-v7.S},
  year         = {2016},
  date         = {2016-07-24},
  howpublished = {\url{http://lxr.free-electrons.com/source/arch/arm/mm/cache-v7.S#L82}},
  url          = {http://lxr.free-electrons.com/source/arch/arm/mm/cache-v7.S#L82},
}

@Misc{godless,
  author       = {Pierluigi Paganini},
  title        = {Godless is a new strain of Android Malware recently spotted by experts from Trend Micro that leverages multiple rooting exploits.},
  year         = {2016},
  date         = {2016-06-23},
  howpublished = {\url{http://securityaffairs.co/wordpress/48633/breaking-news/godless-android-malware.html}},
  url          = {http://securityaffairs.co/wordpress/48633/breaking-news/godless-android-malware.html},
}

@Comment{jabref-meta: databaseType:biblatex;}
